@Article{fog,
AUTHOR = {Scire, Alessandro and Tropeano, Fabrizio and Anagnostopoulos, Aris and Chatzigiannakis, Ioannis},
TITLE = {Fog-Computing-Based Heartbeat Detection and Arrhythmia Classification Using Machine Learning},
JOURNAL = {Algorithms},
VOLUME = {12},
YEAR = {2019},
NUMBER = {2},
ARTICLE-NUMBER = {32},
URL = {http://www.mdpi.com/1999-4893/12/2/32},
ISSN = {1999-4893},
}

@article{ufcf,
  author    = {Orestis Akrivopoulos and
               Dimitrios Amaxilatis and
               Irene Mavrommati and
               Ioannis Chatzigiannakis},
  title     = {Utilising fog computing for developing a person-centric heart monitoring
               system},
  journal   = {{JAISE}},
  volume    = {11},
  number    = {3},
  pages     = {237--259},
  year      = {2019},
  url       = {https://doi.org/10.3233/AIS-190523},
  doi       = {10.3233/AIS-190523},
  timestamp = {Mon, 03 Jun 2019 17:34:54 +0200},
  biburl    = {https://dblp.org/rec/bib/journals/jaise/AkrivopoulosAMC19},
  bibsource = {dblp computer science bibliography, https://dblp.org}
}


@article{ufcf2,
  author    = {Orestis Akrivopoulos and
               Dimitrios Amaxilatis and
               Irene Mavrommati and
               Ioannis Chatzigiannakis},
  title     = {Utilising fog computing for developing a person-centric heart monitoring
               system},
  journal   = {{Intelligent Environments}},
  pages     = {9-16},
  year      = {2018},
}

@inproceedings{citf,
  author    = {Ioannis Chatzigiannakis},
  title     = {Computing in the Fog: Recent Technological Advances and Development
               Techniques},
  booktitle = {Intelligent Environments 2018 - Workshop Proceedings of the 14th International
               Conference on Intelligent Environments, Rome, Italy, 25-28 June 2018},
  pages     = {14--17},
  year      = {2018},
  crossref  = {DBLP:conf/intenv/2018w},
  url       = {https://doi.org/10.3233/978-1-61499-874-7-14},
  doi       = {10.3233/978-1-61499-874-7-14},
  timestamp = {Sat, 21 Jul 2018 18:52:21 +0200},
  biburl    = {https://dblp.org/rec/bib/conf/intenv/Chatzigiannakis18},
  bibsource = {dblp computer science bibliography, https://dblp.org}
}

@INPROCEEDINGS{otdo, 
author={O. {Akrivopoulos} and I. {Chatzigiannakis} and C. {Tselios} and A. {Antoniou}}, 
booktitle={2017 IEEE 41st Annual Computer Software and Applications Conference (COMPSAC)}, 
title={On the Deployment of Healthcare Applications over Fog Computing Infrastructure}, 
year={2017}, 
volume={2}, 
number={}, 
pages={288-293}, 
keywords={cloud computing;data analysis;electrocardiography;health care;Internet of Things;medical computing;network servers;patient diagnosis;patient monitoring;security of data;smart phones;cloud computing;Internet of Things;network edge;IoT nodes;automated healthcare monitoring;working prototype;ECG traces;tailor-made device;patient smartphone;fog gateway;authorized entities;fog computing infrastructure;information sharing;historical data analysis;medical diagnoses;health status monitor;Medical services;Cloud computing;Monitoring;Edge computing;Biomedical monitoring;Sensors;Prototypes;IoT;Fog Computing;Healthcare;Wearable Device;ECG;Prototype;Real-world Evaluation;5G}, 
doi={10.1109/COMPSAC.2017.178}, 
ISSN={0730-3157}, 
month={July},}


@inproceedings{potf,
 author = {Akrivopoulos, Orestis and Amaxilatis, Dimitrios and Antoniou, Athanasios and Chatzigiannakis, Ioannis},
 title = {Design and Evaluation of a Person-Centric Heart Monitoring System over Fog Computing Infrastructure},
 booktitle = {Proceedings of the First International Workshop on Human-centered Sensing, Networking, and Systems},
 series = {HumanSys'17},
 year = {2017},
 isbn = {978-1-4503-5480-6},
 location = {Delft, Netherlands},
 pages = {25--30},
 numpages = {6},
 url = {http://doi.acm.org/10.1145/3144730.3144736},
 doi = {10.1145/3144730.3144736},
 acmid = {3144736},
 publisher = {ACM},
 address = {New York, NY, USA},
 keywords = {Evaluation, Healthcare, IoT, Prototype, Wearable, mHealth},
} 

@inproceedings{aoat,
  author    = {Ioannis Chatzigiannakis and
               Emil Stoyanov Valchinov and
               Athanasios Antoniou and
               Athanasios P. Kalogeras and
               Christos E. Alexakos and
               Panagiotis Konstantinopoulos},
  title     = {Advanced observation and telemetry heart system utilizing wearable
               {ECG} device and a Cloud platform},
  booktitle = {2015 {IEEE} Symposium on Computers and Communication, {ISCC} 2015,
               Larnaca, Cyprus, July 6-9, 2015},
  pages     = {25--30},
  year      = {2015},
  crossref  = {DBLP:conf/iscc/2015},
  url       = {https://doi.org/10.1109/ISCC.2015.7405449},
  doi       = {10.1109/ISCC.2015.7405449},
  timestamp = {Wed, 14 Nov 2018 10:57:18 +0100},
  biburl    = {https://dblp.org/rec/bib/conf/iscc/Chatzigiannakis15},
  bibsource = {dblp computer science bibliography, https://dblp.org}
}







@INPROCEEDINGS{rfdwt, 
author={N. {Emanet}}, 
booktitle={2009 Fifth International Conference on Soft Computing, Computing with Words and Perceptions in System Analysis, Decision and Control}, 
title={ECG beat classification by using discrete wavelet transform and Random Forest algorithm}, 
year={2009}, 
volume={}, 
number={}, 
pages={1-4}, 
keywords={discrete wavelet transforms;electrocardiography;feature extraction;medical signal processing;signal classification;ECG beat classification;discrete wavelet transform;random forest algorithm;feature extraction;ECG signal classification;electrocardiography;Discrete wavelet transforms;Electrocardiography;Heart beat;Feature extraction;Cardiac disease;Signal analysis;Support vector machines;Support vector machine classification;Fuzzy neural networks;Classification algorithms}, 
doi={10.1109/ICSCCW.2009.5379457}, 
ISSN={}, 
month={Sep.}}

@inbook{noise,
author = {Cecilia Vinzio Maggio, Ana and Bonomini, Mar√≠a and Laciar, Eric and Arini, Pedro},
year = {2012},
month = {01},
pages = {},
title = {Quantification of Ventricular Repolarization Dispersion Using Digital Processing of the Surface ECG},
isbn = {978-953-307-923-3},
doi = {10.5772/23050}
}

@online{matdwt,
  author = {MathWorks},
  title = {Continuous Wavelet Transform and Scale-Based Analysis},
  url = {https://it.mathworks.com/help/wavelet/gs/continuous-wavelet-transform-and-scale-based-analysis.html}
}

@online{watut,
  author = {Ahmet Taspinar},
  title = {A guide for using the Wavelet Transform in Machine Learning},
  url = {http://ataspinar.com/2018/12/21/a-guide-for-using-the-wavelet-transform-in-machine-learning/}
}

@online{who,
  author = {World Health Organization},
  title = {Cardiovascular diseases (CVDs)},
  url = {https://www.who.int/news-room/fact-sheets/detail/cardiovascular-diseases-(cvds)}
}


@online{cnnsite,
  author = {CS231n Convolutional Neural Networks for Visual Recognition},
  title = {Convolutional Neural Networks (CNNs / ConvNets)},
  url = {http://cs231n.github.io/convolutional-networks/}
}





@article{lnlf,
title = "Arrhythmia recognition and classification using combined linear and nonlinear features of ECG signals",
journal = "Computer Methods and Programs in Biomedicine",
volume = "127",
pages = "52 - 63",
year = "2016",
issn = "0169-2607",
doi = "https://doi.org/10.1016/j.cmpb.2015.12.024",
url = "http://www.sciencedirect.com/science/article/pii/S0169260715301097",
author = "Fatin A. Elhaj and Naomie Salim and Arief R. Harris and Tan Tian Swee and Taqwa Ahmed",
keywords = "ECG, Linear features, Nonlinear features, Classification"}


@BOOK{ecgbook,
  TITLE = {Basic Arrhythmias},
  SUBTITLE = {Second Edition},
  AUTHOR = {Gail Walraven},
  YEAR = {2019}, 
  PUBLISHER = {Pearson}
}

@article{smotepaper,
  author    = {Kevin W. Bowyer and
               Nitesh V. Chawla and
               Lawrence O. Hall and
               W. Philip Kegelmeyer},
  title     = {{SMOTE:} Synthetic Minority Over-sampling Technique},
  journal   = {CoRR},
  volume    = {abs/1106.1813},
  year      = {2011},
  url       = {http://arxiv.org/abs/1106.1813},
  archivePrefix = {arXiv},
  eprint    = {1106.1813},
  timestamp = {Mon, 13 Aug 2018 16:46:59 +0200},
  biburl    = {https://dblp.org/rec/bib/journals/corr/abs-1106-1813},
  bibsource = {dblp computer science bibliography, https://dblp.org}
}

@inproceedings{conf/ijcnn/HeBGL08,
  added-at = {2018-11-14T00:00:00.000+0100},
  author = {He, Haibo and Bai, Yang and Garcia, Edwardo A. and Li, Shutao},
  biburl = {https://www.bibsonomy.org/bibtex/2b75c5c26d086ca4ab0a0586506fa3149/dblp},
  booktitle = {IJCNN},
  crossref = {conf/ijcnn/2008},
  ee = {https://www.wikidata.org/entity/Q47247956},
  interhash = {0a55cd719cccef25138affd0be1aa8b0},
  intrahash = {b75c5c26d086ca4ab0a0586506fa3149},
  isbn = {978-1-4244-1821-3},
  keywords = {dblp},
  pages = {1322-1328},
  publisher = {IEEE},
  timestamp = {2018-11-15T17:26:34.000+0100},
  title = {ADASYN: Adaptive synthetic sampling approach for imbalanced learning.},
  url = {http://dblp.uni-trier.de/db/conf/ijcnn/ijcnn2008.html#HeBGL08},
  year = 2008
}

@article{DBLP:journals/corr/abs-1806-07366,
  author    = {Tian Qi Chen and
               Yulia Rubanova and
               Jesse Bettencourt and
               David K. Duvenaud},
  title     = {Neural Ordinary Differential Equations},
  journal   = {CoRR},
  volume    = {abs/1806.07366},
  year      = {2018},
  url       = {http://arxiv.org/abs/1806.07366},
  archivePrefix = {arXiv},
  eprint    = {1806.07366},
  timestamp = {Mon, 13 Aug 2018 16:47:56 +0200},
  biburl    = {https://dblp.org/rec/bib/journals/corr/abs-1806-07366},
  bibsource = {dblp computer science bibliography, https://dblp.org}
}

@article{DBLP:journals/corr/HeZRS15,
  author    = {Kaiming He and
               Xiangyu Zhang and
               Shaoqing Ren and
               Jian Sun},
  title     = {Deep Residual Learning for Image Recognition},
  journal   = {CoRR},
  volume    = {abs/1512.03385},
  year      = {2015},
  url       = {http://arxiv.org/abs/1512.03385},
  archivePrefix = {arXiv},
  eprint    = {1512.03385},
  timestamp = {Wed, 17 Apr 2019 17:23:45 +0200},
  biburl    = {https://dblp.org/rec/bib/journals/corr/HeZRS15},
  bibsource = {dblp computer science bibliography, https://dblp.org}
}

@MISC{Simonyan14verydeep,
    author = {Karen Simonyan and Andrew Zisserman},
    title = {Very deep convolutional networks for large-scale image recognition},
    year = {2014}
}

@incollection{aiayn,
title = {Attention is All you Need},
author = {Vaswani, Ashish and Shazeer, Noam and Parmar, Niki and Uszkoreit, Jakob and Jones, Llion and Gomez, Aidan N and Kaiser, \L ukasz and Polosukhin, Illia},
booktitle = {Advances in Neural Information Processing Systems 30},
editor = {I. Guyon and U. V. Luxburg and S. Bengio and H. Wallach and R. Fergus and S. Vishwanathan and R. Garnett},
pages = {5998--6008},
year = {2017},
publisher = {Curran Associates, Inc.},
url = {http://papers.nips.cc/paper/7181-attention-is-all-you-need.pdf}
}

@book{psy,
author = {R. Anderson, John},
year = {2005},
month = {01},
pages = {},
title = {Cognitive Psychology and Its Implications}
}

@article{bah,
  added-at = {2017-01-05T16:28:03.000+0100},
  archiveprefix = {arXiv},
  arxivid = {1409.0473v7},
  author = {Bahdanau, Dzmitry and Cho, Kyunghyun and Bengio, Yoshua},
  biburl = {https://www.bibsonomy.org/bibtex/23627201ea916210e80d3cc49b58e40ad/coral.diez},
  eprint = {1409.0473v7},
  file = {:C$\backslash$:/Users/Usuario/AppData/Local/Mendeley Ltd./Mendeley Desktop/Downloaded/Bahdanau, Cho, Bengio - 2014 - Neural Machine Translation by Jointly Learning to Align and Translate.pdf:pdf},
  interhash = {d15f67689deab1bcce096aa5d17bd314},
  intrahash = {3627201ea916210e80d3cc49b58e40ad},
  keywords = {ciencia_computacional traducciÛn_autom·tica_neuronal},
  month = may,
  timestamp = {2018-05-28T22:01:50.000+0200},
  title = {Neural Machine Translation by Jointly Learning to Align and Translate},
  url = {http://arxiv.org/abs/1409.0473},
  year = 2016
}


@article{luong,
   title={Effective Approaches to Attention-based Neural Machine Translation},
   url={http://dx.doi.org/10.18653/v1/D15-1166},
   DOI={10.18653/v1/d15-1166},
   journal={Proceedings of the 2015 Conference on Empirical Methods in Natural Language Processing},
   publisher={Association for Computational Linguistics},
   author={Luong, Thang and Pham, Hieu and Manning, Christopher D.},
   year={2015}
}

@online{attf,
  author = {TensorFlow},
  title = {Neural Machine Translation with Attention},
  url = {https://www.tensorflow.org/beta/tutorials/text/nmt_with_attention}
}



@online{recsite,
  author = {WILDML, Artificial Intelligence, Deep Learning, and NLP,DENNY BRITZ},
  title = {Recurrent Neural Networks Tutorial},
  url = {http://www.wildml.com/2015/09/recurrent-neural-networks-tutorial-part-1-introduction-to-rnns/}
}

@online{lstmsite,
  author = {colah's blog},
  title = {Understanding LSTM Networks},
  url = {https://colah.github.io/posts/2015-08-Understanding-LSTMs/}
}

@online{cnnstackoverflow,
  author = {stackoverflow},
  title = {What is the number of filter in CNN?},
  url = {https://stackoverflow.com/questions/36243536/what-is-the-number-of-filter-in-cnn}
}



@article{vanprob,
  author    = {Razvan Pascanu and
               Tomas Mikolov and
               Yoshua Bengio},
  title     = {Understanding the exploding gradient problem},
  journal   = {CoRR},
  volume    = {abs/1211.5063},
  year      = {2012},
  url       = {http://arxiv.org/abs/1211.5063},
  archivePrefix = {arXiv},
  eprint    = {1211.5063},
  timestamp = {Mon, 13 Aug 2018 16:47:08 +0200},
  biburl    = {https://dblp.org/rec/bib/journals/corr/abs-1211-5063},
  bibsource = {dblp computer science bibliography, https://dblp.org}
}

@INPROCEEDINGS{lstmv1, 
author={F. A. {Gers} and J. {Schmidhuber}}, 
booktitle={Proceedings of the IEEE-INNS-ENNS International Joint Conference on Neural Networks. IJCNN 2000. Neural Computing: New Challenges and Perspectives for the New Millennium}, 
title={Recurrent nets that time and count}, 
year={2000}, 
volume={3}, 
number={}, 
pages={189-194 vol.3}, 
keywords={recurrent neural nets;counting circuits;learning (artificial intelligence);sequences;timing;recurrent neural networks;RNN;timing;counting;time intervals;sequential tasks;motor control;rhythm detection;long short-term memory;LSTM;peephole connections;internal cells;multiplicative gates;discrete time steps;stable sequences;highly-nonlinear precisely-timed spike sequences;Hidden Markov models;Recurrent neural networks;Rhythm;World Wide Web;Motor drives;Event detection;Performance loss;Humans;Pattern recognition;Delay}, 
doi={10.1109/IJCNN.2000.861302}, 
ISSN={1098-7576}, 
month={July},}

@article{lstmop,
 author = {Hochreiter, Sepp and Schmidhuber, J\"{u}rgen},
 title = {Long Short-Term Memory},
 journal = {Neural Comput.},
 issue_date = {November 15, 1997},
 volume = {9},
 number = {8},
 month = nov,
 year = {1997},
 issn = {0899-7667},
 pages = {1735--1780},
 numpages = {46},
 url = {http://dx.doi.org/10.1162/neco.1997.9.8.1735},
 doi = {10.1162/neco.1997.9.8.1735},
 acmid = {1246450},
 publisher = {MIT Press},
 address = {Cambridge, MA, USA},
} 
@article{grupaper,
  author    = {Kyunghyun Cho and
               Bart van Merrienboer and
               {\c{C}}aglar G{\"{u}}l{\c{c}}ehre and
               Fethi Bougares and
               Holger Schwenk and
               Yoshua Bengio},
  title     = {Learning Phrase Representations using {RNN} Encoder-Decoder for Statistical
               Machine Translation},
  journal   = {CoRR},
  volume    = {abs/1406.1078},
  year      = {2014},
  url       = {http://arxiv.org/abs/1406.1078},
  archivePrefix = {arXiv},
  eprint    = {1406.1078},
  timestamp = {Mon, 13 Aug 2018 16:46:44 +0200},
  biburl    = {https://dblp.org/rec/bib/journals/corr/ChoMGBSB14},
  bibsource = {dblp computer science bibliography, https://dblp.org}
}

@article{cnninto,
author = {O'Shea, Keiron and Nash, Ryan},
year = {2015},
month = {11},
pages = {},
title = {An Introduction to Convolutional Neural Networks},
journal = {ArXiv e-prints}
}
@article{cnninter,
  author    = {C.{-}C. Jay Kuo},
  title     = {Understanding Convolutional Neural Networks with {A} Mathematical
               Model},
  journal   = {CoRR},
  volume    = {abs/1609.04112},
  year      = {2016},
  url       = {http://arxiv.org/abs/1609.04112},
  archivePrefix = {arXiv},
  eprint    = {1609.04112},
  timestamp = {Mon, 13 Aug 2018 16:49:11 +0200},
  biburl    = {https://dblp.org/rec/bib/journals/corr/Kuo16},
  bibsource = {dblp computer science bibliography, https://dblp.org}
}

@article{cnnfazeli,
  author    = {Mohammad Kachuee and
               Shayan Fazeli and
               Majid Sarrafzadeh},
  title     = {{ECG} Heartbeat Classification: {A} Deep Transferable Representation},
  journal   = {CoRR},
  volume    = {abs/1805.00794},
  year      = {2018},
  url       = {http://arxiv.org/abs/1805.00794},
  archivePrefix = {arXiv},
  eprint    = {1805.00794},
  timestamp = {Mon, 13 Aug 2018 16:48:16 +0200},
  biburl    = {https://dblp.org/rec/bib/journals/corr/abs-1805-00794},
  bibsource = {dblp computer science bibliography, https://dblp.org}
}


@article{svmnl,
title = "Arrhythmia recognition and classification using combined linear and nonlinear features of ECG signals",
journal = "Computer Methods and Programs in Biomedicine",
volume = "127",
pages = "52 - 63",
year = "2016",
issn = "0169-2607",
doi = "https://doi.org/10.1016/j.cmpb.2015.12.024",
url = "http://www.sciencedirect.com/science/article/pii/S0169260715301097",
author = "Fatin A. Elhaj and Naomie Salim and Arief R. Harris and Tan Tian Swee and Taqwa Ahmed",
keywords = "ECG, Linear features, Nonlinear features, Classification"
}

@INPROCEEDINGS{forest, 
author={N. {Emanet}}, 
booktitle={2009 Fifth International Conference on Soft Computing, Computing with Words and Perceptions in System Analysis, Decision and Control}, 
title={ECG beat classification by using discrete wavelet transform and Random Forest algorithm}, 
year={2009}, 
volume={}, 
number={}, 
pages={1-4}, 
keywords={discrete wavelet transforms;electrocardiography;feature extraction;medical signal processing;signal classification;ECG beat classification;discrete wavelet transform;random forest algorithm;feature extraction;ECG signal classification;electrocardiography;Discrete wavelet transforms;Electrocardiography;Heart beat;Feature extraction;Cardiac disease;Signal analysis;Support vector machines;Support vector machine classification;Fuzzy neural networks;Classification algorithms}, 
doi={10.1109/ICSCCW.2009.5379457}, 
ISSN={}, 
month={Sep.},}


@article{dbmitbih,
title = "The impact of the MIT-BIH Arrhythmia Database",
journal = "IEEE Eng in Med and Biol ",
volume = "10",
pages = "45 - 50",
year = "2001",
issn = "0169-2607",
author = "Moody GB, Mark RG"
}


@article{aamistd,
title = "Testing and reporting performance results of cardiac rhythm and ST segment measurement algorithms",
journal = "AAMI EC57"
}













